@misc{tesla,
	title = "{Tesla}",
	year = "2019",
	journal={Economía digital)},
	howpublished = {\url{https://www.tesla.com/es_ES/autopilot}},
	note = "[Accedido 19 de Junio de 2019]"
}

@misc{tesla_piloto_automatico,
	title = "{Tesla pone coto al piloto automático en España}",
	year = "2019",
	howpublished = {\url{https://www.economiadigital.es/tecnologia-y-tendencias/tesla-pone-coto-al-piloto-automatico-en-espana_625493_102.html/}},
	note = "[Accedido 19 de Junio de 2019]"
}


@misc{google_coche_autonomo,
    author = "Raúl Álvarez",
	title = "{El coche autónomo de Google (Waymo) se vuelve completamente autónomo y por primera vez sale a la calle sin conductor}",
	year = "2017",
	howpublished = {\url{hhttps://www.xataka.com/automovil/el-coche-autonomo-de-google-waymo-se-vuelve-completamente-autonomo-y-por-primera-vez-sale-a-la-calle-sin-conductor}},
	note = "[Accedido 19 de Junio de 2019]"
}

@InProceedings{digital_analisis,
    author = "{M. Onoe and K. Ohba }",
	title = "{Digital  analysis  of  traffic  flow}",
	year = "1976",
	booktitle = "{Proc  Int  Joint  ConfPattern Recognition}",
	pages = {803-804}
}

@article{wide_area,
    author = "{E.E. Hilbert, C. Carl, W. Goss, G.R. Hansen and M.J. Olsasky}",
	title = "{Wide area detection system}",
	year = "1978",
	journal = "{Report - Federal Highway Administration. FHWA-RD-77-86}"
}

@article{queue_detection,
    author = "{N. Hoose} ",
	title = "{Queue detection using computer image processing.Road TrafficMonitoring}",
	year = "1989",
	journal = "{ Second International Conference on}",
	pages = {94-98}
}

@article{traffic_measurement,
    author = "{J.M Blosseville, C. Krafft, F. Lenior, V. Motyka and S. Beucher} ",
	title = "{New traffic measurement by image processing}",
	year = "1989",
	journal = "{ IFAC Control, Computers, Communicationsin Transportation}",
	pages = {35-42}
}

@article{computer_aided,
    author = "{J. Versavel, F. Lemaire and D. Van der Stede}",
	title = "{Camera and computer-aided traffic sensor.Road Traffic Monitoring}",
	year = "1989",
	journal = "{ Second International Conference on}",
	pages = {66-70}
}

@conference{performance_assessment,
    author = "{Baker, K.D Sullivan and G.D.} ",
	title = "{Performance assessment of model-based nacking}",
	booktitle ="{Applications  of  Computer  Vision,  Proceedings}",
	organization = "{IEEE  Workshop on }",
	year = "1992",
	pages = {28-35}
}


@article{robust_multiple,
    author = "{D. Koller, J. Weber and J. Malik} ",
	title = "{Robust multiple car tracking with occlusion reasoning}",
	journal = "{University of California at Berkeley 1:188-196}",
	year = "1994"
}

@article{model_vehicle_detection,
    author = "{G.D. Sullivan, K.D. Baker, A.D. Worral, C.I. Attwood and P.M. Remagnino}",
	title = "{Model-based  vehicle  detection  and  classification  using  orthographic  approximations}",
	journal = "{IVC 15:649-654 }",
	year = "1997"
}

@article{areal_time,
    author = "{B. Coifman, D. Beymer, P. McLauchlan and J. Malik} ",
	title = "{Areal-time computer vision system for vehicle tracking and traffic surveillance}",
	journal = "{Institute of Transportation Studies, University of California, Berkeley }",
	year = "1998"
}

@article{automatic_incident,
    author = "{E. Vermeulen} ",
	title = "{Automatic incident detection (AID) with thermal cameras}",
	journal = "{FLIR Intelligent Transportation System }",
	year = "2014"
}

@conference{new_traffic_incident,
    author = "{Y. Chang, Z. Su and L. Qian-Yu} ",
	title = "{ A  new  traffic  incident  detection method under low-volume condition based on automatic vehicle identification}",
	booktitle ="{Fuzzy  Systems  and  Knowledge  Discovery  (FSKD), 9th  International Conference on}",
	year = "2012",
	pages = {2853-2859}
}

@conference{video_based_multiple,
    author = "{E. Nateghinia and H. Moradi} ",
	title = "{ Video-based multiple vehicle tracking at intersections}",
	booktitle ="{Robotics  and  Mechatronics  (ICRoM), Second  RSI/ISM International Conference on}",
	year = "2014"
}

@article{vision_based_turning,
    author = "{M.S. Shirazi and B. T. Morris} ",
	title = "{ Vision-based turning movement monitoring: count, speed amp; waiting time estimation}",
	journal ="{IEEE Intelligent Transpor-tation Systems Magazine 8(1):23–34}",
	year = "2016"
}

@misc{mesta_fusion,
	title = "{Mesta Fusion: así funciona y multa el súper radar del futuro}",
	year = "2018",
	journal={autopista.es)},
	howpublished = {\url{https://www.autopista.es/radares-dgt/articulo/mesta-fusion-asi-multa-funciona-video}},
	note = "[Accedido 20 de Junio de 2019]"
}

@misc{mesta_fusion1,
	title = "{El radar que lo caza todo}",
	year = "2016",
	journal={El Mundo)},
	howpublished = {\url{https://www.elmundo.es/motor/2016/04/26/571e535f468aeb301c8b45b0.html}},
	note = "[Accedido 20 de Junio de 2019]"
}

@phdthesis{redo_tesis,
     author = "Redouane Kachach",
	title = "{Monitorización visual automática de tráfico rodado}",
	year = 2016,
	school = {Universidad de Alicante. Instituto Universitario de Investigación Informática},
	howpublished = {\url{https://rua.ua.es/dspace/bitstream/10045/68987/1/tesis_redouane_kachach.pdf}},
	note = "[Accedido 20 de Mayo de 2019]"
}

@article{deteccion_flujo_vehicular,
    author = "{A.F. Granados and J. I. Marin .H } ",
	title = "{ Detección de flujo vehicular basado en visión artificial}",
	journal ="{Universidad Tecnológica de Pereira}",
	year = "2007"
}

@article{deteccion_movimiento,
    author = "{J. Portillo, G. Sánchez, J. Olivares and H. Pérez}",
	title = "{Detección de Movimiento de Vehículos en Secuencias de
Video Basados en la Diferencia Absoluta entre Fotogramas y la
Combinación de Bordes}",
	journal ="{Instituto Politécnico Nacional, Sección de Estudios de Posgrado e Investigación, Escuela Superior de
Ingeniería Mecánica y Eléctrica Unidad Culhuacán}",
	year = "2013"
}

@misc{detectionsuite,
	author = "Vinay Sharma",
	title = "{DeepLearningSuite}",
	year = "2019",
	howpublished = {\url{https://github.com/JdeRobot/DetectionSuite}},
	note = "[Accedido 31 de Mayo de 2019]"
}

@misc{precision_recuperacion,
	author = "Gonzalo Gasca",
	title = "{Precisión y recuperación (Precision and recall)}",
	year = "2018",
	howpublished = {\url{https://medium.com/@gogasca_95055/precisi%C3%B3n-y-recuperaci%C3%B3n-precision-recall-dc3c92178d5b}},
	note = "[Accedido 22 de Junio de 2019]"
}

@misc{github_rafael,
	author = "Rafael Padilla",
	title = "{Metrics for object detection}",
	year = "2019",
	howpublished = {\url{https://github.com/rafaelpadilla/Object-Detection-Metrics}},
	note = "[Accedido 22 de Junio de 2019]"
}

@phdthesis{tfg_julian,
  author = "Julián Blasco",
	title = "{Técnicas de estadística computacionalpara visión por computador}",
	year = 2018,
	school = {Universidad Nacional de Educación a Distancia},
	howpublished = {\url{http://e-spacio.uned.es/fez/eserv/bibliuned:masterMatavanz-Jblasco/BLASCO_HERREIZ_Julian_TFM.pdf}},
	note = "[Accedido  22 de Junio de 2019]"
}

@misc{tensorflow1,
	author = "Sundar Pichai",
	title = "{Expertos en Tensorflow}",
	howpublished = {\url{https://www.paradigmadigital.com/lineas-servicio/tensorflow/}},
	note = "[Accedido 22 de Junio de 2019]"
}

@misc{github_tensorflow,
	title = "{Tensorflow}",
	howpublished = {\url{https://github.com/tensorflow/tensorflow}},
	note = "[Accedido 22 de Junio de 2019]"
}

@misc{deep_learning_keras,
    authos = "Jesús Utrera",
	title = "{Deep Learning básico con Keras (Parte 1)}",
	year = "2018",
	howpublished = {\url{https://enmilocalfunciona.io/deep-learning-basico-con-keras-parte-1/}},
	note = "[Accedido 22 de Junio de 2019]"
}

@misc{keras_github,
	title = "{Keras: Deep Learning for humans}",
	howpublished = {\url{https://github.com/keras-team/keras}},
	note = "[Accedido 22 de Junio de 2019]"
}

@misc{darknet_github,
	title = "{Darknet}",
	howpublished = {\url{https://github.com/pjreddie/darknet}},
	note = "[Accedido 22 de Junio de 2019]"
}

@phdthesis{tfg_jessi,
  author = "Jessica Fernández Martínez",
	title = "{Aplicación para la mejora motora y cognitiva para personas con discapacidad mediante juegos simples interactivos}",
	year = 2015,
	school = {Universidad de Alcalá. Escuela Politécnica Superior},
	howpublished = {\url{https://ebuah.uah.es/dspace/bitstream/handle/10017/26804/TFG-Fern%C3%A1ndez-Mart%C3%ADnez-2015.pdf?sequence=1&isAllowed=y}},
	note = "[Accedido  22 de Junio de 2019]"
}

@misc{python,
    author = "Python Software Foundation",
	title = "{Tutorial de Python}",
	year = "2017",
	howpublished = {\url{http://docs.python.org.ar/tutorial/3/real-index.html}},
	note = "[Accedido 22 de Junio de 2019]"
}

@misc{gtkmm,
    author = "GNOME",
	title = "{GNOME Developer Center}",
	howpublished = {\url{https://developer.gnome.org/}},
	note = "[Accedido 22 de Junio de 2019]"
}

@article{probabilidad_infraccion,
    author = "{S.I. Arroyo, F. Safar and D. Oliva} ",
	title = "{ Probabilidad de infracción de velocidad de
vehículos utilizando visión artificial en cámaras de
campo amplio}",
	journal ="{IEEE Biennial Congress of Argentina (ARGENCON)}",
	year = "2016"
}

@article{adaptative_background,
    author = "{C. Stauffer and W.E. Grimson } ",
	title = "{Adaptive  background  mixture  models for real-time tracking}",
	journal ="{IEEE ICCV 2: 256–261}",
	year = "1999"
}

@article{gmm_mei_article,
    author = "{P. Barcellos, C.Bouvié, F.L.Escouto and J. Scharcanski } ",
	title = "{A novel video based system for detecting and counting vehicles at user-defined virtual loops}",
	journal ="{Expert Systems with Applications,42(4):1845–1856}",
	year = "2014"
}

@conference{mei_article,
    author = "{J. W. Davis and A.F. Bobick } ",
	title = "{The representation and recognition of human
movement using temporal templates}",
    booktitle="{IEEE computer society conference
on computer vision and pattern recognition}",
	journal ="{IEEE}",
	year = "1997",
	pages={928-934}
}


@conference{3dhog_article,
    author = "{N. Buch, J. Orwell and S. Velastin } ",
	title = "{3D Extended Histogram of Oriented Gradients (3DHOG) for Classification of
Road Users in Urban Scenes}",
    booktitle="{BMVC.British Machine Vision Association.}",
	year = "2009"
}

@phdthesis{tesis_deteccion_reconocimiento,
  author = "{S. Avendaño and G. Castillo}",
	title = "{Detección y Reconocimiento de las Señas del Juego del Truco en Tiempo Real}",
	year = 2012,
	school = {Facultad de Ciencias Exactas y Naturales Universidad de Buenos Aires},
	howpublished = {\url{https://www-2.dc.uba.ar/grupinv/imagenes/TesisAven}},
	note = "[Accedido  22 de Junio de 2019]"
}

@article{gmm_em_article,
    author = "{Y. Xia, X. Shi, G.Song, Q. Geng and Y. Liu } ",
	title = "{Towards improving quality of video-based vehicle counting method for traffic flow estimation}",
	journal ="{SignalProcess, 120(C):672–681}",
	year = "2014"
}

@misc{em,
    authos = "Jesus A. Gonzalez",
	title = "{Algoritmo EM}",
	year = "2011",
	howpublished = {\url{https://ccc.inaoep.mx/~jagonzalez/ML/principal/node81.html}},
	note = "[Accedido 22 de Junio de 2019]"
}

@article{wood,
    author = "{John Wood} ",
	title = "{Statistical Background Models with Shadow Detection for Video Based Tracking}",
	journal ="{Linköping University, Department of Electrical Engineering, Computer Vision. Linköping University, The Institute of Technology}",
	year = "2007"
}

@article{combining_shadow,
    author = "{Bjorn Johansson, Johan Wiklund, Per-Erik Forssén and Gösta  Granlund} ",
	title = "{Combining shadow detection and simulation for estimation of vehicle size andposition}",
	journal ="{Pattern Recognition Letters}",
	year = "2009"
}

@article{real_time_foreground_background,
    author = "{K. Kim, T.H. Chalidabhongse, D. Harwood and L. Davis} ",
	title = "{Real-time foreground–background segmentation using codebook model}",
	journal ="{Elseiver, Real time imaging}",
	year = "2005",
	pages = {172–185}
}

@article{real_time_adaptative_background,
    author = "{M. Mazaheri and S. Mozaffari} ",
	title = "{Real time adaptive background estimation and road segmentation for vehicle classification}",
	journal ="{IEEE}",
	year = "2011",
	pages = {1–6}
}

@article{non_parametric_model,
    author = "{A. Elgammal, D. Harwood and L. Davis} ",
	title = "{Non-parametric model for background subtraction}",
	journal ="{Proc. Eur. Conf. Comput. Vis. Part II, LNCS 1843:751–767}",
	year = "2000"
}

@article{zoran_zivkovic,
    author = "{Zoran Zivkovic} ",
	title = "{Improved adaptive gaussian mixture model for background subtraction}",
	journal ="{Pattern  Recognition. Proceedings  of  the  17th International Conference on, 2:28–31}",
	year = "2004"
}

@article{rcnn_detection,
    author = "{Y. Abdullah, G. Mehmet, A. Iman and B. Erkan} ",
	title = "{A Vehicle Detection Approach using Deep Learning Methodologies}",
	journal ="{Computer Engineering Department Ankara University}",
	year = "2018"
}

@phdthesis{tesis_ignacio_arriola,
  author = "{Ignacio Arriola}",
	title = "{Detección de objetos basada en Deep Learning
y aplicada a vehículos autónomos}",
	year = 2018,
	school = {Universidad del País Vasco. Ingeniería computacional y sistemas inteligentes}
}

@phdthesis{tesis_rigoberto,
  author = "{Rigoberto Vizcay}",
	title = "{Deep Learning para la Detección de Peatones y Vehículos sobre FPGA}",
	year = 2018,
	school = {Centro Universitario UAEM Valle de México},
		howpublished = {\url{http://ri.uaemex.mx/bitstream/handle/20.500.11799/70995/tesisfinalRVC-ilovepdf-compressed%20%281%29.pdf?sequence=1&isAllowed=y}},
	note = "[Accedido  22 de Junio de 2019]"
}

.

@article{an_Automatic_traffic,
    author = "{Shih-Hao Yu, Yung-Sheng Chen, Wen-Fong Hu and Jun-Wei Hsieh} ",
	title = "{An automatic traffic surveillance system for vehicle tracking and classification}",
	journal ="{ Lecture Notes in Computer Science Volume 2749:379–386}",
	year = "2003"
}


@article{image_based_vehicle,
    author = "{Jin-Cyuan Lai, Shih-Shinh Huang and Chien-Cheng Tseng } ",
	title = "{Image-based vehicle tracking and classification on the highway}",
	journal ="{Green  Circuits  and Systems (ICGCS), 2010 International Conference on}",
	year = "2010",
	pages = {666-670}
}

@article{shadow_elimination,
    author = "{H. Asaidi , A. Aarab and M. Bellouki} ",
	title = "{Shadow elimination and vehicles classification approaches in traffic video surveillance context}",
	journal ="{Elsevier}",
	year = "2014"
}

@conference{haar_paper,
    author = "{C.P. Papageorgiou, M. Oren and T. Poggio} ",
	title = "{A General Framework for Object Detection}",
	booktitle ="{Proceedings  of  the  Sixth  International  Conference  on Computer Vision, ICCV '98}",
	year = "1998",
	pages = {555-562}
}

@article{hog_paper,
    author = "{Navneet Dalal and Bill Triggs} ",
	title = "{Histograms of Oriented Gradients for Human Detection}",
	journal ="{Computer Vision and Pattern Recognition, IEEE Computer Society Conference, 1:886–893}",
	year = "2005"
}

@article{hybrid_model,
    author = "{Bailing Zhang, Yifan Zhou and Hao PanTammam Tillo}",
	title = "{Hybrid model of clustering and kernel autoassociator for reliable vehicle type classification}",
	journal ="{Machine Vision and Applications}",
	year = "2013",
	pages ={437-450}
}

@article{low_dimensional,
    author = "{L. Sirovich and M. Kirby}",
	title = "{Low-dimensional procedure for the characterization of human faces}",
	journal ="{Journal of the Optical Society of America, 4:519–524}",
	year = "1987"
}

@article{real_time_vehicle,
    author = "{Wei Wang, Yulong Shang, Jinzhi Guo and Zhiwei Qian}",
	title = "{Real-time  vehicle  classification based  on  eigenface}",
	journal ="{Consumer  Electronics,  Communications  and  Networks(CECNet):4292–4295}",
	year = "2011"
}

@article{multi_shape_descriptor,
    author = "{Zezhi Chen and Tim Ellis}",
	title = "{Multi-shape descriptor vehicle classification for urban traffic}",
	journal ="{International Conference on Digital Image Computing: Techniques and Applications}",
	year = "2011",
	pages = {465-461}
}

@article{vehicle_classification_by_road,
    author = "{Wook-Sun Shin, Doo-Heon Song and Chang-Hun Lee}",
	title = "{Vehicle classification by road lane detection and model fitting using a surveillance camera}",
	journal= "{Journal of Information Processing Systems}",
	year = "2009"
}

@article{c4_5,
    author = "{J.R. Quinlan}",
	title = "{C4.5: Programs for machine learning}",
	journal= "{Morgan Kaufmann Publishers, Inc.}",
	year = "1993"
}

@article{kernel_based_object,
    author = "{D. Comaniciu, V. Ramesh and P. Meer}",
	title = "{Kernel-based object tracking}",
	journal= "{IEEE Transactions on Pattern Analysis and Machine Intelligence, 25(5):564–575}",
	year = "2003"
}

@article{pixeltrack,
    author = "{Stefan Duffner and Christophe Garcia}",
	title = "{Pixeltrack: A fast adaptive algorithm for tracking non-rigid objects}",
	journal= "{Elseiver,  Real  time imaging}",
	year = "2013",
	pages = {2480-2487}
}

@article{real_time_multiplevehicle,
    author = "{Lili Huang and M. Barth}",
	title = "{Real-time multi-vehicle tracking based on feature detection and color probability model}",
	journal= "{Intelligent  Vehicles  Symposium  (IV)}",
	year = "2010",
	pages= {981-986}
}

@article{article_klt,
    author = "{J. Shi and C. Tomasi}",
	title = "{Good features to track}",
	journal= "{Proc. IEEE CVPR}",
	year = "1994",
	pages= {593-600}
}

@article{article_sift,
    author = "{D.G. Lowe}",
	title = "{Distinctive image features from scale-invariant keypoints}",
	journal= "{Int. J. Comput. Vision, 60(2):91-110}",
	year = "2004"
}

@article{vehicle_surveillance_3d,
    author = "{M.J. Leotta and J.L. Mundy}",
	title = "{Vehicle surveillance with a generic, adaptative, 3d vehicle model}",
	journal= "{IEEE Transactions on pattern analysis and machine intelligence, 33:1457-1469}",
	year = "2011"
}


